@misc{scanyourpdf,
  author       = "baicunko",
  title        = "Scan Your {PDF}",
  howpublished = "GitHub",
  year         = "2020",
  url          = "https://www.scanyourpdf.com/",
  note         = "[Online; accessed 7-August2021]"
}

@misc{ocrspace,
  author       = "OCR.SPACE is a service of a9t9 software GmbH",
  title        = "{OCRSpace}",
  year         = "2021",
  url          = "https://ocr.space/",
  note         = "[Online; accessed 8-August2021]"
}

@misc{kurama2021a,
  author       = "Vihar Kurama",
  title        = "A Comprehensive Guide to {OCR} with {RPA} and Document Understanding",
  year         = "2021",
  url          = "https://nanonets.com/blog/ocr-with-rpa-and-document-understanding-uipath/",
  note         = "[Online; accessed 13-August2021]"
}

@misc{lavelle2019gartner,
  author       = "Justin Lavelle",
  title        = "Gartner Says Robotic Process Automation Can Save Finance Departments 25,000 Hours of Avoidable Work Annually",
  year         = "2019",
  url          = "https://www.gartner.com/en/newsroom/press-releases/2019-10-02-gartner-says-robotic-process-automation-can-save-fina",
  note         = "[Online; accessed 13-August2021]"
}

@misc{schneider2018b2b,
  author       = "James Schneider Ph.D. and Bill Schultz and Julia McCrimlisk and Jesse Hulsing and Ryan M. Nash CFA",
  title        = "{B2B}: How the next payments frontier will unleash small business",
  howpublished = "EQUITY RESEARCH",
  year         = "2018",
  url          = "https://knowen-production.s3.amazonaws.com/uploads/attachment/file/3460/Global%2BTechnology_%2BB2B_%2BHow%2Bthe%2Bnext%2Bpayments%2Bfrontier%2Bwill%2Bunleash%2Bsmall%2Bbusiness%2B.pdf",
  note         = "[Online; accessed 13-August2021]"
}

@misc{pepsico,
  title        = "{PepsiCo} automates invoice processing with {ABBYY FlexiCapture}",
  year         = "2021",
  url          = "https://www.abbyy.com/customer-stories/pepsico-automates-invoice-processing-with-abbyy-flexicapture/",
  note         = "[Online; accessed 13-August2021]"
}

@misc{hollander2019survey,
  author       = "Garrett Hollander",
  title        = "[SURVEY RESULTS] Intelligent Document Automation Trends",
  year         = "2019",
  url          = "https://resources.m-files.com/blog/survey-results-intelligent-document-automation-trends-3",
  note         = "[Online; accessed 13-August2021]"
}

@misc{ibm:nlp,
  author       = "{IBM} Cloud Education",
  title        = "Natural Language Processing ({NLP})",
  year         = "2020",
  url          = "https://www.ibm.com/cloud/learn/natural-language-processing",
  note         = "[Online; accessed 14-August2021]"
}

@misc{ibm:ai,
  author       = "{IBM} Cloud Education",
  title        = "Artificial Intelligence ({AI})",
  year         = "2020",
  url          = "https://www.ibm.com/cloud/learn/what-is-artificial-intelligence",
  note         = "[Online; accessed 15-August2021]"
}

@misc{pwc2018robotic,
  author       = "{PwC}",
  title        = "Robotic process automation and intelligent character recognition: Smart data capture",
  howpublished = "PricewaterhouseCoopers Private Limited",
  year         = "2018",
  url          = "http://www.pwc.in",
  note         = "[Online; accessed 13-August2021]"
}

@misc{harris2014when,
  author = "Matt Harris",
  title  = "When Good Info Goes Bad: The Real Cost of Human Data Errors",
  year   = "2014",
  url    = "https://ungerboeck.com/resources/when-good-info-goes-bad-the-real-cost-of-human-data-errors",
  note   = "[Online; accessed 15-August2021]"
}

@misc{prithiv2021best,
  author = "Prithiv S",
  title  = "Best OCR Software of 2021",
  year   = "2021",
  url    = "https://nanonets.com/blog/ocr-software-best-ocr-software/",
  note   = "[Online; accessed 15-August2021]"
}

@misc{bpcafe2021sysco,
  author = "Blue Prism Caf√©",
  title  = "Sysco: Scaling an Intelligent Automation Program Without Compromise",
  year   = "2021",
  url    = "https://www.brighttalk.com/webcast/17260/476962",
  note   = "[Webinar; accessed 15-August2021]"
}

@misc{bpcafe2021sysco:slides,
  author = "Alison Major and Kim Meredith",
  title  = "Sysco: Scaling an RPA program without compromise",
  year   = "2021",
  url    = "https://www.brighttalk.com/resource/core/349721/blue-prism-cafe-webinar-with-sysco_764477.pdf",
  note   = "[Online; accessed 15-August2021]"
}
