@inproceedings{smith2007an,
  title="An Overview of the Tesseract OCR Engine",
  author="R. {Smith}",
  booktitle="Ninth International Conference on Document Analysis and Recognition (ICDAR 2007)",
  volume="2",
  pages="629--633",
  notes="Sourced from Microsoft Academic - https://academic.microsoft.com/paper/2001642682",
  year="2007"
}

@misc{scanyourpdf,
  author       = {baicunko},
  title        = {Scan Your PDF},
  howpublished = {GitHub},
  year         = {2020},
  url          = {https://www.scanyourpdf.com/},
  note         = {Accessed August 7, 2021},
}

@misc{ocrspace,
  author       = {OCR.SPACE is a service of a9t9 software GmbH},
  title        = {OCRSpace},
  howpublished = {Web},
  year         = {2021},
  url          = {https://ocr.space/},
  note         = {Accessed August 8, 2021},
}
